@article{feldman1979make,
  title={Makeâ€”A program for maintaining computer programs},
  author={Feldman, Stuart I},
  journal={Software: Practice and experience},
  volume={9},
  number={4},
  pages={255--265},
  year={1979},
  publisher={Wiley Online Library}
}

@unpublished{mitchell2019ghcrebuildtimes,
    title = {GHC Rebuild Times -- Shake profiling},
    author = {Neil Mitchell},
    year = {2019},
    note = {\url{https://neilmitchell.blogspot.com/2019/03/ghc-rebuild-times-shake-profiling.html}}
}

@article{mokhov2018buildsystems,
 author = {Mokhov, Andrey and Mitchell, Neil and Peyton Jones, Simon},
 title = {Build Systems \`{a} La Carte},
 journal = {Proc. ACM Program. Lang.},
 issue_date = {September 2018},
 volume = {2},
 number = {ICFP},
 month = jul,
 year = {2018},
 issn = {2475-1421},
 pages = {79:1--79:29},
 articleno = {79},
 numpages = {29},
 url = {http://doi.acm.org/10.1145/3236774},
 doi = {10.1145/3236774},
 acmid = {3236774},
 publisher = {ACM},
 address = {New York, NY, USA},
 keywords = {algorithms, build systems, functional programming},
}

@inproceedings{mitchell2012shake,
  title={Shake before building: Replacing {Make} with {Haskell}},
  author={Mitchell, Neil},
  booktitle={ACM SIGPLAN Notices},
  volume={47},
  number={9},
  pages={55--66},
  year={2012},
  organization={ACM}
}

@unpublished{bazel,
    title = {Bazel},
    author = {Google},
    year = {2016},
    note = {\url{http://bazel.io/}}
}

@unpublished{ackermann42,
    title = {Decimal expansion of {A(4,2)}},
    author = {Robert Kosara},
    year = {2008},
    note = {\url{https://web.archive.org/web/20080317104411/http://www.kosara.net/thoughts/ackermann42.html}}
}

@book{advanced_excel,
  title={Advanced Excel for Scientific Data Analysis},
  author={De Levie, R.},
  isbn={9780195152753},
  lccn={2003053590},
  series={Advanced Excel for Scientific Data Analysis},
  year={2004},
  publisher={Oxford University Press}
}

@unpublished{excel_recalc,
    title = {Excel Recalculation (MSDN documentation)},
    author = {Microsoft},
    year = {2011},
    note = {\url{https://msdn.microsoft.com/en-us/library/office/bb687891.aspx}.
           Also available in Internet Archive
           \url{https://web.archive.org/web/20180308150857/https://msdn.microsoft.com/en-us/library/office/bb687891.aspx}}
}

@inproceedings{hadrian,
 author = {Mokhov, Andrey and Mitchell, Neil and Peyton Jones, Simon and Marlow, Simon},
 title = {{Non-recursive Make Considered Harmful: Build Systems at Scale}},
 booktitle = {Proceedings of the 9th International Symposium on Haskell},
 series = {Haskell 2016},
 year = {2016},
 pages = {170--181},
 publisher = {ACM},
}

@inproceedings{demers1981incremental,
 author = {Demers, Alan and Reps, Thomas and Teitelbaum, Tim},
 title = {Incremental Evaluation for Attribute Grammars with Application to Syntax-directed Editors},
 booktitle = {Proceedings of the 8th ACM SIGPLAN-SIGACT Symposium on Principles of Programming Languages (POPL)},
 year = {1981},
 pages = {105--116},
 publisher = {ACM}
}

@inproceedings{acar2002adaptive,
 author = {Acar, Umut A. and Blelloch, Guy E. and Harper, Robert},
 title = {Adaptive Functional Programming},
 booktitle = {Proceedings of the 29th ACM SIGPLAN-SIGACT Symposium on Principles of Programming Languages (POPL)},
 year = {2002},
 pages = {247--259},
 publisher = {ACM}
}

@inproceedings{acar2007selfadjusting,
  title={A consistent semantics of self-adjusting computation},
  author={Acar, Umut A and Blume, Matthias and Donham, Jacob},
  booktitle={European Symposium on Programming},
  pages={458--474},
  year={2007},
  organization={Springer}
}

@unpublished{gvfs,
    title = {{Git Virtual File System}},
    author = {Microsoft},
    year = {2017},
    note = {\url{https://www.gvfs.io/}}
}

@article{mcbride2008applicative,
  title={Applicative programming with effects},
  author={McBride, Conor and Paterson, Ross},
  journal={Journal of Functional Programming},
  volume={18},
  number={1},
  pages={1--13},
  year={2008},
  publisher={Cambridge University Press}
}

@inproceedings{free-applicatives,
  author = {Paolo Capriotti and Ambrus Kaposi},
  title = {Free applicative functors},
  year = {2014},
  journal = {Proceedings 5th Workshop on Mathematically Structured Functional Programming},
  volume = {153},
  pages = {2-30},
  publisher = {Open Publishing Association}
}

@article{jones2007practical,
  title={Practical type inference for arbitrary-rank types},
  author={Peyton~Jones, Simon and Vytiniotis, Dimitrios and Weirich, Stephanie and Shields, Mark},
  journal={Journal of Functional Programming},
  volume={17},
  number={1},
  pages={1--82},
  year={2007},
  publisher={Cambridge University Press}
}

@inproceedings{marlow2014haxl,
  title={There is no fork: An abstraction for efficient, concurrent, and concise data access},
  author={Marlow, Simon and Brandy, Louis and Coens, Jonathan and Purdy, Jon},
  booktitle={ACM SIGPLAN Notices},
  volume={49},
  number={9},
  pages={325--337},
  year={2014},
  organization={ACM}
}

@inproceedings{esfahani2016cloudbuild,
  title={CloudBuild: Microsoft's distributed and caching build service},
  author={Esfahani, Hamed and Fietz, Jonas and Ke, Qi and Kolomiets, Alexei and Lan, Erica and Mavrinac, Erik and Schulte, Wolfram and Sanches, Newton and Kandula, Srikanth},
  booktitle={Proceedings of the 38th International Conference on Software Engineering Companion},
  pages={11--20},
  year={2016},
  organization={ACM}
}

@article{erdweg2015pluto,
  title={A sound and optimal incremental build system with dynamic dependencies},
  author={Erdweg, Sebastian and Lichter, Moritz and Weiel, Manuel},
  journal={ACM SIGPLAN Notices},
  volume={50},
  number={10},
  pages={89--106},
  year={2015},
  publisher={ACM}
}

@unpublished{shake-fixed-point,
    title = {{How to write fixed point build rules in Shake}},
    author = {Neil Mitchell},
    year = {2013},
    note = {\url{https://stackoverflow.com/questions/14622169/how-to-write-fixed-point-build-rules-in-shake-e-g-latex}}
}

@unpublished{ninja,
    title = {{Ninja build system homepage}},
    author = {Evan Martin},
    year = {2017},
    note = {\url{https://ninja-build.org/}}
}

@unpublished{tup,
    title = {{Build System Rules and Algorithms}},
    author = {Mike Shal},
    year = {2009},
    note = {\url{http://gittup.org/tup/build_system_rules_and_algorithms.pdf/}}
}

@unpublished{redo-idea,
    title = {Rebuilding target files when source files have changed},
    author = {Daniel J. Bernstein},
    year = {2003},
    note = {\url{http://cr.yp.to/redo.html}}
}

@unpublished{docker,
    title = {Docker container: A standardized unit of software},
    author = {Solomon Hykes},
    year = {2013},
    note = {\url{https://www.docker.com/what-container}}
}

@mastersthesis{grosskurth2007redo,
  title={Purely top-down software rebuilding},
  author={Grosskurth, Alan},
  year={2007},
  school={University of Waterloo}
}

@unpublished{redo,
    title = {{redo: a top-down software build system}},
    author = {Avery Pennarun},
    year = {2012},
    note = {\url{https://github.com/apenwarr/redo}}
}

@unpublished{buck,
    title = {{Buck: A high-performance build tool}},
    author = {Facebook},
    year = {2013},
    note = {\url{https://buckbuild.com/}}
}

@unpublished{dune,
    title = {{Dune: A composable build system}},
    author = {{Jane~Street}},
    year = {2018},
    note = {\url{https://github.com/ocaml/dune}}
}

@article{hughes2000generalising,
  title={Generalising monads to arrows},
  author={Hughes, John},
  journal={Science of computer programming},
  volume={37},
  number={1-3},
  pages={67--111},
  year={2000},
  publisher={Elsevier}
}

@unpublished{reflow,
    title = {Reflow: A system for incremental data processing in the cloud},
    author = {GRAIL},
    year = {2017},
    note = {\url{https://github.com/grailbio/reflow}}
}

@unpublished{incremental,
    title = {Incremental: A library for incremental computations},
    author = {{Jane~Street}},
    year = {2015},
    note = {\url{https://github.com/janestreet/incremental}}
}

@unpublished{pottier2009lazy,
  title={Lazy least fixed points in ML},
  author={Pottier, Fran{\c{c}}ois},
  year={2009},
  note = {\url{http://gallium.inria.fr/~fpottier/publis/fpottier-fix.pdf}}
}

@phdthesis{radul2009propagation,
  title={Propagation Networks: A Flexible and Expressive Substrate for Computation},
  author={Radul, Alexey},
  year={2009},
  school={MIT}
}

@unpublished{fabricate,
    title = {{Fabricate: The better build tool}},
    author = {Berwyn Hoyt and Bryan Hoyt and Ben Hoyt},
    year = {2009},
    note = {\url{https://github.com/SimonAlfie/fabricate}}
}

@inproceedings{dolstra2004nix,
  title={Nix: A Safe and Policy-Free System for Software Deployment},
  author={Dolstra, Eelco and De Jonge, Merijn and Visser, Eelco and others},
  booktitle={LISA},
  volume={4},
  pages={79--92},
  year={2004}
}

@article{pickering2017profunctor,
  title={Profunctor Optics: Modular Data Accessors},
  author={Pickering, Matthew and Gibbons, Jeremy and Wu, Nicolas},
  journal={The Art, Science, and Engineering of Programming},
  volume={1},
  issue={2},
  year={2017}
}

@book{cormen2001introduction,
  title={Introduction To Algorithms},
  author={Cormen, T.H. and Leiserson, C.E. and Rivest, R.L. and Stein, C.},
  isbn={9780262032933},
  year={2001},
  publisher={MIT Press}
}

@inproceedings{liang1995monad,
  title={Monad transformers and modular interpreters},
  author={Liang, Sheng and Hudak, Paul and Jones, Mark},
  booktitle={Proceedings of the 22nd ACM SIGPLAN-SIGACT symposium on Principles of programming languages},
  pages={333--343},
  year={1995},
  organization={ACM}
}

@inproceedings{levenshtein1966binary,
  title={Binary codes capable of correcting deletions, insertions, and reversals},
  author={Levenshtein, Vladimir I},
  booktitle={Soviet physics doklady},
  volume={10},
  number={8},
  pages={707--710},
  year={1966}
}

@inproceedings{build_maintenance,
    author = {Shane McIntosh and Bram Adams and Thanh Nguyen and Yasutaka Kamei and Ahmed Hassan},
    title = {An empirical study of build maintenance effort},
    booktitle = {Proc. ICSE '11},
    year = {2011},
    pages = {141--150},
    publisher = {ACM Press}
}

@article{claessen_continuations,
    author={Koen Claessen},
    title={A poor man's concurrency monad},
    journal={Journal of Functional Programming},
    volume={9},
    number={3},
    pages={313â€“-323},
    year={1999},
    publisher={Cambridge University Press}
}
