@article{feldman1979make,
  title={Makeâ€”A program for maintaining computer programs},
  author={Feldman, Stuart I},
  journal={Software: Practice and experience},
  volume={9},
  number={4},
  pages={255--265},
  year={1979},
  publisher={Wiley Online Library}
}

@inproceedings{mitchell2012shake,
  title={Shake before building: Replacing {Make} with {Haskell}},
  author={Mitchell, Neil},
  booktitle={ACM SIGPLAN Notices},
  volume={47},
  number={9},
  pages={55--66},
  year={2012},
  organization={ACM}
}

@unpublished{bazel,
    title = {Bazel},
    author = {Google},
    year = {2016},
    note = {\url{http://bazel.io/}}
}

@book{advanced_excel,
  title={Advanced Excel for Scientific Data Analysis},
  author={De Levie, R.},
  isbn={9780195152753},
  lccn={2003053590},
  series={Advanced Excel for Scientific Data Analysis},
  year={2004},
  publisher={Oxford University Press}
}

@unpublished{excel_recalc,
    title = {Excel Recalculation (MSDN documentation)},
    author = {Microsoft},
    year = {2011},
    note = {\url{https://msdn.microsoft.com/en-us/library/office/bb687891.aspx}.
           Also available in Internet Archive
           \url{https://web.archive.org/web/20180308150857/https://msdn.microsoft.com/en-us/library/office/bb687891.aspx}}
}

@inproceedings{hadrian,
 author = {Mokhov, Andrey and Mitchell, Neil and Peyton Jones, Simon and Marlow, Simon},
 title = {{Non-recursive Make Considered Harmful: Build Systems at Scale}},
 booktitle = {Proceedings of the 9th International Symposium on Haskell},
 series = {Haskell 2016},
 year = {2016},
 pages = {170--181},
 publisher = {ACM},
}

@inproceedings{demers1981incremental,
 author = {Demers, Alan and Reps, Thomas and Teitelbaum, Tim},
 title = {Incremental Evaluation for Attribute Grammars with Application to Syntax-directed Editors},
 booktitle = {Proceedings of the 8th ACM SIGPLAN-SIGACT Symposium on Principles of Programming Languages (POPL)},
 year = {1981},
 pages = {105--116},
 publisher = {ACM}
}

@inproceedings{acar2002adaptive,
 author = {Acar, Umut A. and Blelloch, Guy E. and Harper, Robert},
 title = {Adaptive Functional Programming},
 booktitle = {Proceedings of the 29th ACM SIGPLAN-SIGACT Symposium on Principles of Programming Languages (POPL)},
 year = {2002},
 pages = {247--259},
 publisher = {ACM}
}

@inproceedings{acar2007selfadjusting,
  title={A consistent semantics of self-adjusting computation},
  author={Acar, Umut A and Blume, Matthias and Donham, Jacob},
  booktitle={European Symposium on Programming},
  pages={458--474},
  year={2007},
  organization={Springer}
}

@unpublished{gvfs,
    title = {{Git Virtual File System}},
    author = {Microsoft},
    year = {2017},
    note = {\url{https://www.gvfs.io/}}
}

@article{mcbride2008applicative,
  title={Applicative programming with effects},
  author={McBride, Conor and Paterson, Ross},
  journal={Journal of functional programming},
  volume={18},
  number={1},
  pages={1--13},
  year={2008},
  publisher={Cambridge University Press}
}

@inproceedings{free-applicatives,
  author = {Paolo Capriotti and Ambrus Kaposi},
  title = {Free applicative functors},
  year = {2014},
  journal = {Proceedings 5th Workshop on Mathematically Structured Functional Programming},
  volume = {153},
  pages = {2-30},
  publisher = {Open Publishing Association}
}

@article{jones2007practical,
  title={Practical type inference for arbitrary-rank types},
  author={Jones, Simon Peyton and Vytiniotis, Dimitrios and Weirich, Stephanie and Shields, Mark},
  journal={Journal of functional programming},
  volume={17},
  number={1},
  pages={1--82},
  year={2007},
  publisher={Cambridge University Press}
}

@inproceedings{marlow2014haxl,
  title={There is no fork: An abstraction for efficient, concurrent, and concise data access},
  author={Marlow, Simon and Brandy, Louis and Coens, Jonathan and Purdy, Jon},
  booktitle={ACM SIGPLAN Notices},
  volume={49},
  number={9},
  pages={325--337},
  year={2014},
  organization={ACM}
}

@inproceedings{esfahani2016cloudbuild,
  title={CloudBuild: Microsoft's distributed and caching build service},
  author={Esfahani, Hamed and Fietz, Jonas and Ke, Qi and Kolomiets, Alexei and Lan, Erica and Mavrinac, Erik and Schulte, Wolfram and Sanches, Newton and Kandula, Srikanth},
  booktitle={Proceedings of the 38th International Conference on Software Engineering Companion},
  pages={11--20},
  year={2016},
  organization={ACM}
}

@article{erdweg2015pluto,
  title={A sound and optimal incremental build system with dynamic dependencies},
  author={Erdweg, Sebastian and Lichter, Moritz and Weiel, Manuel},
  journal={ACM SIGPLAN Notices},
  volume={50},
  number={10},
  pages={89--106},
  year={2015},
  publisher={ACM}
}

@unpublished{shake-fixed-point,
    title = {{How to write fixed point build rules in Shake}},
    author = {Neil Mitchell},
    year = {2013},
    note = {\url{https://stackoverflow.com/questions/14622169/how-to-write-fixed-point-build-rules-in-shake-e-g-latex}}
}

@inproceedings{build_maintenance,
    author = {Shane McIntosh and Bram Adams and Thanh Nguyen and Yasutaka Kamei and Ahmed Hassan},
    title = {An empirical study of build maintenance effort},
    booktitle = {Proc. ICSE '11},
    year = {2011},
    pages = {141--150},
    publisher = {ACM Press}
}
